<record><leader>01471cam a2200337 a 4500</leader><controlfield tag="001">1001639</controlfield><controlfield tag="008">880411s1985    waua     b   s    0 eng d</controlfield><datafield ind1=" " ind2=" " tag="010"><subfield code="a">   85015638 //r87</subfield></datafield><datafield ind1=" " ind2=" " tag="020"><subfield code="a">0934539014 (pbk.)</subfield></datafield><datafield ind1=" " ind2=" " tag="035"><subfield code="a">ocm12724874</subfield></datafield><datafield ind1=" " ind2=" " tag="040"><subfield code="a">DLC</subfield><subfield code="b">eng</subfield><subfield code="c">DLC</subfield></datafield><datafield ind1=" " ind2=" " tag="043"><subfield code="a">pn-----</subfield></datafield><datafield ind1=" " ind2=" " tag="049"><subfield code="a">AEU</subfield><subfield code="b">eng</subfield></datafield><datafield ind1="0" ind2="0" tag="050"><subfield code="a">QH95.1</subfield><subfield code="b">.E4 1985</subfield></datafield><datafield ind1="0" ind2=" " tag="082"><subfield code="a">574.5/2636</subfield><subfield code="2">19</subfield></datafield><datafield ind1="0" ind2=" " tag="090"><subfield code="a">QH 95.1 E37 1985</subfield></datafield><datafield ind1="0" ind2="0" tag="245"><subfield code="a">El Ni&#241;o North :</subfield><subfield code="b">Ni&#241;o effects in the Eastern Subarctic Pacific Ocean /</subfield><subfield code="c">Warren S. Wooster and David L. Fluharty, editors.</subfield></datafield><datafield ind1=" " ind2=" " tag="260"><subfield code="a">Seattle :</subfield><subfield code="b">Washington Sea Grant Program, University of Washington,</subfield><subfield code="c">1985.</subfield></datafield><datafield ind1=" " ind2=" " tag="300"><subfield code="a">v, 312 p. :</subfield><subfield code="b">ill. ;</subfield><subfield code="c">23 cm.</subfield></datafield><datafield ind1=" " ind2=" " tag="336"><subfield code="a">text</subfield><subfield code="b">txt</subfield><subfield code="2">rdacontent</subfield></datafield><datafield ind1=" " ind2=" " tag="337"><subfield code="a">unmediated</subfield><subfield code="b">n</subfield><subfield code="2">rdamedia</subfield></datafield><datafield ind1=" " ind2=" " tag="338"><subfield code="a">volume</subfield><subfield code="b">nc</subfield><subfield code="2">rdacarrier</subfield></datafield><datafield ind1=" " ind2=" " tag="500"><subfield code="a">Papers presented at a meeting held in Seattle at the Pacific Marine Environmental Laboratory, Sept. 12-13, 1984, sponsored by the International Recruitment Investigations in the Subarctic.</subfield></datafield><datafield ind1=" " ind2=" " tag="504"><subfield code="a">Includes bibliographies.</subfield></datafield><datafield ind1=" " ind2=" " tag="596"><subfield code="a">48</subfield></datafield><datafield ind1=" " ind2="0" tag="651"><subfield code="a">El Ni&#241;o Current</subfield><subfield code="x">Environmental aspects</subfield><subfield code="z">North Pacific Ocean.</subfield></datafield><datafield ind1="1" ind2=" " tag="700"><subfield code="a">Wooster, Warren S.</subfield><subfield code="q">(Warren Scriver),</subfield><subfield code="d">1921-</subfield></datafield><datafield ind1="1" ind2=" " tag="700"><subfield code="a">Fluharty, David L.,</subfield><subfield code="d">1946-</subfield></datafield><datafield ind1="2" ind2=" " tag="710"><subfield code="a">Washington Sea Grant Program.</subfield></datafield><datafield ind1="2" ind2=" " tag="710"><subfield code="a">International Recruitment Investigations in the Subarctic (Group)</subfield></datafield><datafield ind1=" " ind2=" " tag="926"><subfield code="a">QH 95.1 E37 1985</subfield><subfield code="w">LC</subfield><subfield code="c">1</subfield><subfield code="i">0162009395482</subfield><subfield code="d">5/16/2005</subfield><subfield code="e">1/12/2005</subfield><subfield code="l">ON_SHELF</subfield><subfield code="m">UASCITECH</subfield><subfield code="n">24</subfield><subfield code="p">$150.00</subfield><subfield code="r">Y</subfield><subfield code="s">Y</subfield><subfield code="t">BOOK</subfield><subfield code="u">4/12/1988</subfield></datafield></record>